@BOOK{test_cite,
  title={Book title},
  author={Book Author},
  year={2000},
  publisher={Book publisher}
}